<?xml version="1.0" encoding="UTF-8"?>
<record xmlns="http://www.loc.gov/MARC21/slim" xmlns:xsi="http://www.w3.org/2001/XMLSchema-instance" xsi:schemaLocation="http://www.loc.gov/MARC21/slim http://www.loc.gov/standards/marcxml/schema/MARC21slim.xsd">
<leader>     nam a22002651  4500</leader>
<controlfield tag="001">001686297</controlfield>
<controlfield tag="003">NNU</controlfield>
<controlfield tag="005">20061010173324.0</controlfield>
<controlfield tag="008">000818s1952    le            000 0 ara</controlfield>
<datafield tag="010" ind1=" " ind2=" ">
<subfield code="a">78960830</subfield>
</datafield>
<datafield tag="035" ind1="9" ind2=" ">
<subfield code="a">NYUb12229740</subfield>
</datafield>
<datafield tag="035" ind1=" " ind2=" ">
<subfield code="a">(NNU)NYUb12229740</subfield>
</datafield>
<datafield tag="040" ind1=" " ind2=" ">
<subfield code="a">DLC</subfield>
<subfield code="c">TKN</subfield>
<subfield code="d">TKN</subfield>
<subfield code="d">m/c</subfield>
<subfield code="d">CtY</subfield>
</datafield>
<datafield tag="050" ind1="0" ind2=" ">
<subfield code="a">BJ1291</subfield>
<subfield code="b">.M3212</subfield>
</datafield>
<datafield tag="066" ind1=" " ind2=" ">
<subfield code="c">(3</subfield>
</datafield>
<datafield tag="090" ind1=" " ind2=" ">
<subfield code="a">BJ1291</subfield>
<subfield code="b">.M3212</subfield>
</datafield>
<datafield tag="100" ind1="1" ind2=" ">
<subfield code="a">Maudoodi, Syed Abul ʻAla,</subfield>
<subfield code="d">1903-1979</subfield>
<subfield code="6">880-01</subfield>
</datafield>
<datafield tag="245" ind1="1" ind2="3">
<subfield code="6">880-02</subfield>
<subfield code="a">al-Usus al-akhlāqīyah lil-ḥarakah al-Islāmīyah /</subfield>
<subfield code="c">[taʼlīf] Abū al-Aʻlá al-Mawdūdī.</subfield>
</datafield>
<datafield tag="260" ind1=" " ind2=" ">
<subfield code="6">880-03</subfield>
<subfield code="a">Bayrūt :</subfield>
<subfield code="b">Dār al-Fikr,</subfield>
<subfield code="c">[al-Muqaddimah 1371 (1952)]</subfield>
</datafield>
<datafield tag="300" ind1=" " ind2=" ">
<subfield code="a">77 p. ;</subfield>
<subfield code="c">20 cm.</subfield>
</datafield>
<datafield tag="500" ind1=" " ind2=" ">
<subfield code="a">"Ulqiyat hādhihi al-khuṭbah fī muʼtamar al-Jamāʻah al-Islāmīyah al-sanawī al-munʻaqid fī 31/4/1945 ... wa-nushirat bi-al-Urdīyah ... wa-ʻuniya bi-taʻrībihā Muḥammad ʻĀṣim al-Ḥaddad."</subfield>
</datafield>
<datafield tag="650" ind1=" " ind2="0">
<subfield code="a">Islamic ethics.</subfield>
</datafield>
<datafield tag="880" ind1="1" ind2=" ">
<subfield code="6">100-01/</subfield>
<subfield code="a">مودودي، أبو الأعلى.</subfield>
</datafield>
<datafield tag="880" ind1="1" ind2="2">
<subfield code="6">245-02/</subfield>
<subfield code="a">الأسس الأخلاقية للحركة الإسلامية /</subfield>
<subfield code="c">[تأليف] أبو الأعلى المودودي.</subfield>
</datafield>
<datafield tag="880" ind1=" " ind2=" ">
<subfield code="6">260-03/</subfield>
<subfield code="a">بيروت :</subfield>
<subfield code="b">دار الفكر،</subfield>
<subfield code="c">[المقدمة 1371 (1952)]</subfield>
</datafield>
<datafield tag="OWN" ind1=" " ind2=" ">
<subfield code="a">GENERAL</subfield>
</datafield>
<datafield tag="998" ind1=" " ind2=" ">
<subfield code="a">20010429</subfield>
<subfield code="d">20010429</subfield>
<subfield code="d">20010429</subfield>
<subfield code="n">NNU</subfield>
<subfield code="s">6</subfield>
<subfield code="t">c</subfield>
<subfield code="z">e</subfield>
</datafield>
<datafield tag="AVA" ind1=" " ind2=" ">
<subfield code="a">NYU50</subfield>
<subfield code="b">BOBST</subfield>
<subfield code="c">Main Collection</subfield>
<subfield code="d">BJ1291 .M3212</subfield>
<subfield code="e">unavailable</subfield>
<subfield code="t">Unavailable</subfield>
<subfield code="f">1</subfield>
<subfield code="g">1</subfield>
<subfield code="h">N</subfield>
<subfield code="i">0</subfield>
<subfield code="j">MAIN</subfield>
<subfield code="k">0</subfield>
</datafield>
</record>
